%YAML 1.1
%TAG !u! tag:unity3d.com,2011:
--- !u!1 &2723556953366966026
GameObject:
  m_ObjectHideFlags: 0
  m_CorrespondingSourceObject: {fileID: 0}
  m_PrefabInstance: {fileID: 0}
  m_PrefabAsset: {fileID: 0}
  serializedVersion: 6
  m_Component:
  - component: {fileID: 2723556953366966021}
  - component: {fileID: 2723556953366966023}
  - component: {fileID: 2723556953366966020}
  m_Layer: 0
  m_Name: Collect message
  m_TagString: Untagged
  m_Icon: {fileID: 0}
  m_NavMeshLayer: 0
  m_StaticEditorFlags: 0
  m_IsActive: 1
--- !u!224 &2723556953366966021
RectTransform:
  m_ObjectHideFlags: 0
  m_CorrespondingSourceObject: {fileID: 0}
  m_PrefabInstance: {fileID: 0}
  m_PrefabAsset: {fileID: 0}
  m_GameObject: {fileID: 2723556953366966026}
  m_LocalRotation: {x: 0, y: 0.7071068, z: 0, w: 0.7071068}
  m_LocalPosition: {x: 0, y: 0, z: 0}
  m_LocalScale: {x: 1, y: 1, z: 1}
  m_Children: []
  m_Father: {fileID: 2723556953398795154}
  m_RootOrder: 4
  m_LocalEulerAnglesHint: {x: 0, y: 90, z: 0}
  m_AnchorMin: {x: 0.5, y: 0.5}
  m_AnchorMax: {x: 0.5, y: 0.5}
  m_AnchoredPosition: {x: -0.156, y: 0.279}
  m_SizeDelta: {x: 20, y: 5}
  m_Pivot: {x: 0.5, y: 0.5}
--- !u!23 &2723556953366966023
MeshRenderer:
  m_ObjectHideFlags: 0
  m_CorrespondingSourceObject: {fileID: 0}
  m_PrefabInstance: {fileID: 0}
  m_PrefabAsset: {fileID: 0}
  m_GameObject: {fileID: 2723556953366966026}
  m_Enabled: 1
  m_CastShadows: 0
  m_ReceiveShadows: 0
  m_DynamicOccludee: 1
  m_MotionVectors: 1
  m_LightProbeUsage: 1
  m_ReflectionProbeUsage: 1
  m_RayTracingMode: 2
  m_RayTraceProcedural: 0
  m_RenderingLayerMask: 1
  m_RendererPriority: 0
  m_Materials:
  - {fileID: 2180264, guid: 8f586378b4e144a9851e7b34d9b748ee, type: 2}
  m_StaticBatchInfo:
    firstSubMesh: 0
    subMeshCount: 0
  m_StaticBatchRoot: {fileID: 0}
  m_ProbeAnchor: {fileID: 0}
  m_LightProbeVolumeOverride: {fileID: 0}
  m_ScaleInLightmap: 1
  m_ReceiveGI: 1
  m_PreserveUVs: 0
  m_IgnoreNormalsForChartDetection: 0
  m_ImportantGI: 0
  m_StitchLightmapSeams: 1
  m_SelectedEditorRenderState: 3
  m_MinimumChartSize: 4
  m_AutoUVMaxDistance: 0.5
  m_AutoUVMaxAngle: 89
  m_LightmapParameters: {fileID: 0}
  m_SortingLayerID: 0
  m_SortingLayer: 0
  m_SortingOrder: 0
  m_AdditionalVertexStreams: {fileID: 0}
--- !u!114 &2723556953366966020
MonoBehaviour:
  m_ObjectHideFlags: 0
  m_CorrespondingSourceObject: {fileID: 0}
  m_PrefabInstance: {fileID: 0}
  m_PrefabAsset: {fileID: 0}
  m_GameObject: {fileID: 2723556953366966026}
  m_Enabled: 1
  m_EditorHideFlags: 0
  m_Script: {fileID: 11500000, guid: 9541d86e2fd84c1d9990edf0852d74ab, type: 3}
  m_Name: 
  m_EditorClassIdentifier: 
  m_Material: {fileID: 0}
  m_Color: {r: 1, g: 1, b: 1, a: 1}
  m_RaycastTarget: 1
  m_RaycastPadding: {x: 0, y: 0, z: 0, w: 0}
  m_Maskable: 1
  m_OnCullStateChanged:
    m_PersistentCalls:
      m_Calls: []
  m_text: 'Collect the 20 peices of treasure!

    Escape at the docks!'
  m_isRightToLeft: 0
  m_fontAsset: {fileID: 11400000, guid: 8f586378b4e144a9851e7b34d9b748ee, type: 2}
  m_sharedMaterial: {fileID: 2180264, guid: 8f586378b4e144a9851e7b34d9b748ee, type: 2}
  m_fontSharedMaterials: []
  m_fontMaterial: {fileID: 0}
  m_fontMaterials: []
  m_fontColor32:
    serializedVersion: 2
    rgba: 4294967295
  m_fontColor: {r: 1, g: 1, b: 1, a: 1}
  m_enableVertexGradient: 0
  m_colorMode: 3
  m_fontColorGradient:
    topLeft: {r: 1, g: 1, b: 1, a: 1}
    topRight: {r: 1, g: 1, b: 1, a: 1}
    bottomLeft: {r: 1, g: 1, b: 1, a: 1}
    bottomRight: {r: 1, g: 1, b: 1, a: 1}
  m_fontColorGradientPreset: {fileID: 0}
  m_spriteAsset: {fileID: 0}
  m_tintAllSprites: 0
  m_StyleSheet: {fileID: 0}
  m_TextStyleHashCode: -1183493901
  m_overrideHtmlColors: 0
  m_faceColor:
    serializedVersion: 2
    rgba: 4294967295
  m_fontSize: 2.2
  m_fontSizeBase: 14
  m_fontWeight: 400
  m_enableAutoSizing: 1
  m_fontSizeMin: 0
  m_fontSizeMax: 75
  m_fontStyle: 1
  m_HorizontalAlignment: 2
  m_VerticalAlignment: 256
  m_textAlignment: 65535
  m_characterSpacing: 0
  m_wordSpacing: 0
  m_lineSpacing: 0
  m_lineSpacingMax: 0
  m_paragraphSpacing: 0
  m_charWidthMaxAdj: 0
  m_enableWordWrapping: 1
  m_wordWrappingRatios: 0.4
  m_overflowMode: 0
  m_linkedTextComponent: {fileID: 0}
  parentLinkedComponent: {fileID: 0}
  m_enableKerning: 1
  m_enableExtraPadding: 0
  checkPaddingRequired: 0
  m_isRichText: 1
  m_parseCtrlCharacters: 1
  m_isOrthographic: 0
  m_isCullingEnabled: 0
  m_horizontalMapping: 0
  m_verticalMapping: 0
  m_uvLineOffset: 0
  m_geometrySortingOrder: 0
  m_IsTextObjectScaleStatic: 0
  m_VertexBufferAutoSizeReduction: 0
  m_useMaxVisibleDescender: 1
  m_pageToDisplay: 1
  m_margin: {x: 8.918846, y: 1.697463, z: 8.957189, w: 2.1326327}
  m_isUsingLegacyAnimationComponent: 0
  m_isVolumetricText: 0
  m_hasFontAssetChanged: 0
  m_renderer: {fileID: 2723556953366966023}
  m_maskType: 0
  _SortingLayer: 0
  _SortingLayerID: 0
  _SortingOrder: 0
--- !u!1 &2723556953398795155
GameObject:
  m_ObjectHideFlags: 0
  m_CorrespondingSourceObject: {fileID: 0}
  m_PrefabInstance: {fileID: 0}
  m_PrefabAsset: {fileID: 0}
  serializedVersion: 6
  m_Component:
  - component: {fileID: 2723556953398795154}
  m_Layer: 0
  m_Name: Billboard
  m_TagString: Untagged
  m_Icon: {fileID: 0}
  m_NavMeshLayer: 0
  m_StaticEditorFlags: 0
  m_IsActive: 1
--- !u!4 &2723556953398795154
Transform:
  m_ObjectHideFlags: 0
  m_CorrespondingSourceObject: {fileID: 0}
  m_PrefabInstance: {fileID: 0}
  m_PrefabAsset: {fileID: 0}
  m_GameObject: {fileID: 2723556953398795155}
  m_LocalRotation: {x: 0, y: 0, z: 0, w: 1}
  m_LocalPosition: {x: 8.519292, y: 3.7507777, z: 106.432785}
  m_LocalScale: {x: 1, y: 1, z: 1}
  m_Children:
  - {fileID: 2723556953059740644}
  - {fileID: 2723556952696083427}
  - {fileID: 2723556952313965117}
  - {fileID: 2723556952224732244}
  - {fileID: 2723556953366966021}
  m_Father: {fileID: 0}
  m_RootOrder: 0
  m_LocalEulerAnglesHint: {x: 0, y: 0, z: 0}
--- !u!1001 &2723556952224325726
PrefabInstance:
  m_ObjectHideFlags: 0
  serializedVersion: 2
  m_Modification:
    m_TransformParent: {fileID: 2723556953398795154}
    m_Modifications:
    - target: {fileID: 123790, guid: 5da8d4950b14fc54c8f1e12a6e13f429, type: 3}
      propertyPath: m_Name
      value: SM_Prop_Crate_03 (1)
      objectReference: {fileID: 0}
    - target: {fileID: 455690, guid: 5da8d4950b14fc54c8f1e12a6e13f429, type: 3}
      propertyPath: m_RootOrder
      value: 3
      objectReference: {fileID: 0}
    - target: {fileID: 455690, guid: 5da8d4950b14fc54c8f1e12a6e13f429, type: 3}
      propertyPath: m_LocalPosition.x
      value: -0.15145397
      objectReference: {fileID: 0}
    - target: {fileID: 455690, guid: 5da8d4950b14fc54c8f1e12a6e13f429, type: 3}
      propertyPath: m_LocalPosition.y
      value: -0.48776126
      objectReference: {fileID: 0}
    - target: {fileID: 455690, guid: 5da8d4950b14fc54c8f1e12a6e13f429, type: 3}
      propertyPath: m_LocalPosition.z
      value: -0.6307831
      objectReference: {fileID: 0}
    - target: {fileID: 455690, guid: 5da8d4950b14fc54c8f1e12a6e13f429, type: 3}
      propertyPath: m_LocalRotation.w
      value: 1
      objectReference: {fileID: 0}
    - target: {fileID: 455690, guid: 5da8d4950b14fc54c8f1e12a6e13f429, type: 3}
      propertyPath: m_LocalRotation.x
      value: -0
      objectReference: {fileID: 0}
    - target: {fileID: 455690, guid: 5da8d4950b14fc54c8f1e12a6e13f429, type: 3}
      propertyPath: m_LocalRotation.y
      value: -0
      objectReference: {fileID: 0}
    - target: {fileID: 455690, guid: 5da8d4950b14fc54c8f1e12a6e13f429, type: 3}
      propertyPath: m_LocalRotation.z
      value: -0
      objectReference: {fileID: 0}
    - target: {fileID: 455690, guid: 5da8d4950b14fc54c8f1e12a6e13f429, type: 3}
      propertyPath: m_LocalEulerAnglesHint.x
      value: 0
      objectReference: {fileID: 0}
    - target: {fileID: 455690, guid: 5da8d4950b14fc54c8f1e12a6e13f429, type: 3}
      propertyPath: m_LocalEulerAnglesHint.y
      value: 0
      objectReference: {fileID: 0}
    - target: {fileID: 455690, guid: 5da8d4950b14fc54c8f1e12a6e13f429, type: 3}
      propertyPath: m_LocalEulerAnglesHint.z
      value: 0
      objectReference: {fileID: 0}
    m_RemovedComponents: []
  m_SourcePrefab: {fileID: 100100000, guid: 5da8d4950b14fc54c8f1e12a6e13f429, type: 3}
--- !u!4 &2723556952224732244 stripped
Transform:
  m_CorrespondingSourceObject: {fileID: 455690, guid: 5da8d4950b14fc54c8f1e12a6e13f429, type: 3}
  m_PrefabInstance: {fileID: 2723556952224325726}
  m_PrefabAsset: {fileID: 0}
--- !u!1001 &2723556952314426931
PrefabInstance:
  m_ObjectHideFlags: 0
  serializedVersion: 2
  m_Modification:
    m_TransformParent: {fileID: 2723556953398795154}
    m_Modifications:
    - target: {fileID: 169546, guid: 4cbb5254bb07df74daa0456bc832306e, type: 3}
      propertyPath: m_Name
      value: SM_Prop_Bench_01
      objectReference: {fileID: 0}
    - target: {fileID: 465934, guid: 4cbb5254bb07df74daa0456bc832306e, type: 3}
      propertyPath: m_RootOrder
      value: 2
      objectReference: {fileID: 0}
    - target: {fileID: 465934, guid: 4cbb5254bb07df74daa0456bc832306e, type: 3}
      propertyPath: m_LocalPosition.x
      value: -0.2572918
      objectReference: {fileID: 0}
    - target: {fileID: 465934, guid: 4cbb5254bb07df74daa0456bc832306e, type: 3}
      propertyPath: m_LocalPosition.y
      value: -1.003345
      objectReference: {fileID: 0}
    - target: {fileID: 465934, guid: 4cbb5254bb07df74daa0456bc832306e, type: 3}
      propertyPath: m_LocalPosition.z
      value: 0.009216309
      objectReference: {fileID: 0}
    - target: {fileID: 465934, guid: 4cbb5254bb07df74daa0456bc832306e, type: 3}
      propertyPath: m_LocalRotation.w
      value: 0.686013
      objectReference: {fileID: 0}
    - target: {fileID: 465934, guid: 4cbb5254bb07df74daa0456bc832306e, type: 3}
      propertyPath: m_LocalRotation.x
      value: -0
      objectReference: {fileID: 0}
    - target: {fileID: 465934, guid: 4cbb5254bb07df74daa0456bc832306e, type: 3}
      propertyPath: m_LocalRotation.y
      value: 0.72758937
      objectReference: {fileID: 0}
    - target: {fileID: 465934, guid: 4cbb5254bb07df74daa0456bc832306e, type: 3}
      propertyPath: m_LocalRotation.z
      value: -0
      objectReference: {fileID: 0}
    - target: {fileID: 465934, guid: 4cbb5254bb07df74daa0456bc832306e, type: 3}
      propertyPath: m_LocalEulerAnglesHint.x
      value: 0
      objectReference: {fileID: 0}
    - target: {fileID: 465934, guid: 4cbb5254bb07df74daa0456bc832306e, type: 3}
      propertyPath: m_LocalEulerAnglesHint.y
      value: 93.369
      objectReference: {fileID: 0}
    - target: {fileID: 465934, guid: 4cbb5254bb07df74daa0456bc832306e, type: 3}
      propertyPath: m_LocalEulerAnglesHint.z
      value: 0
      objectReference: {fileID: 0}
    m_RemovedComponents: []
  m_SourcePrefab: {fileID: 100100000, guid: 4cbb5254bb07df74daa0456bc832306e, type: 3}
--- !u!4 &2723556952313965117 stripped
Transform:
  m_CorrespondingSourceObject: {fileID: 465934, guid: 4cbb5254bb07df74daa0456bc832306e, type: 3}
  m_PrefabInstance: {fileID: 2723556952314426931}
  m_PrefabAsset: {fileID: 0}
--- !u!1001 &2723556952695646185
PrefabInstance:
  m_ObjectHideFlags: 0
  serializedVersion: 2
  m_Modification:
    m_TransformParent: {fileID: 2723556953398795154}
    m_Modifications:
    - target: {fileID: 123790, guid: 5da8d4950b14fc54c8f1e12a6e13f429, type: 3}
      propertyPath: m_Name
      value: SM_Prop_Crate_03
      objectReference: {fileID: 0}
    - target: {fileID: 455690, guid: 5da8d4950b14fc54c8f1e12a6e13f429, type: 3}
      propertyPath: m_RootOrder
      value: 1
      objectReference: {fileID: 0}
    - target: {fileID: 455690, guid: 5da8d4950b14fc54c8f1e12a6e13f429, type: 3}
      propertyPath: m_LocalPosition.x
      value: -0.15145397
      objectReference: {fileID: 0}
    - target: {fileID: 455690, guid: 5da8d4950b14fc54c8f1e12a6e13f429, type: 3}
      propertyPath: m_LocalPosition.y
      value: -0.48776126
      objectReference: {fileID: 0}
    - target: {fileID: 455690, guid: 5da8d4950b14fc54c8f1e12a6e13f429, type: 3}
      propertyPath: m_LocalPosition.z
      value: 0.6771393
      objectReference: {fileID: 0}
    - target: {fileID: 455690, guid: 5da8d4950b14fc54c8f1e12a6e13f429, type: 3}
      propertyPath: m_LocalRotation.w
      value: 1
      objectReference: {fileID: 0}
    - target: {fileID: 455690, guid: 5da8d4950b14fc54c8f1e12a6e13f429, type: 3}
      propertyPath: m_LocalRotation.x
      value: -0
      objectReference: {fileID: 0}
    - target: {fileID: 455690, guid: 5da8d4950b14fc54c8f1e12a6e13f429, type: 3}
      propertyPath: m_LocalRotation.y
      value: -0
      objectReference: {fileID: 0}
    - target: {fileID: 455690, guid: 5da8d4950b14fc54c8f1e12a6e13f429, type: 3}
      propertyPath: m_LocalRotation.z
      value: -0
      objectReference: {fileID: 0}
    - target: {fileID: 455690, guid: 5da8d4950b14fc54c8f1e12a6e13f429, type: 3}
      propertyPath: m_LocalEulerAnglesHint.x
      value: 0
      objectReference: {fileID: 0}
    - target: {fileID: 455690, guid: 5da8d4950b14fc54c8f1e12a6e13f429, type: 3}
      propertyPath: m_LocalEulerAnglesHint.y
      value: 0
      objectReference: {fileID: 0}
    - target: {fileID: 455690, guid: 5da8d4950b14fc54c8f1e12a6e13f429, type: 3}
      propertyPath: m_LocalEulerAnglesHint.z
      value: 0
      objectReference: {fileID: 0}
    m_RemovedComponents: []
  m_SourcePrefab: {fileID: 100100000, guid: 5da8d4950b14fc54c8f1e12a6e13f429, type: 3}
--- !u!4 &2723556952696083427 stripped
Transform:
  m_CorrespondingSourceObject: {fileID: 455690, guid: 5da8d4950b14fc54c8f1e12a6e13f429, type: 3}
  m_PrefabInstance: {fileID: 2723556952695646185}
  m_PrefabAsset: {fileID: 0}
--- !u!1001 &2723556953059876942
PrefabInstance:
  m_ObjectHideFlags: 0
  serializedVersion: 2
  m_Modification:
    m_TransformParent: {fileID: 2723556953398795154}
    m_Modifications:
    - target: {fileID: 112620, guid: e9d1b80d7de726c48aa1742de23ffd48, type: 3}
      propertyPath: m_Name
      value: SM_Prop_Parrot_01
      objectReference: {fileID: 0}
    - target: {fileID: 404394, guid: e9d1b80d7de726c48aa1742de23ffd48, type: 3}
      propertyPath: m_RootOrder
      value: 0
      objectReference: {fileID: 0}
    - target: {fileID: 404394, guid: e9d1b80d7de726c48aa1742de23ffd48, type: 3}
      propertyPath: m_LocalPosition.x
      value: -0.5532918
      objectReference: {fileID: 0}
    - target: {fileID: 404394, guid: e9d1b80d7de726c48aa1742de23ffd48, type: 3}
      propertyPath: m_LocalPosition.y
      value: -0.1407597
      objectReference: {fileID: 0}
    - target: {fileID: 404394, guid: e9d1b80d7de726c48aa1742de23ffd48, type: 3}
      propertyPath: m_LocalPosition.z
      value: 0.52321625
      objectReference: {fileID: 0}
    - target: {fileID: 404394, guid: e9d1b80d7de726c48aa1742de23ffd48, type: 3}
      propertyPath: m_LocalRotation.w
      value: 0.34114516
      objectReference: {fileID: 0}
    - target: {fileID: 404394, guid: e9d1b80d7de726c48aa1742de23ffd48, type: 3}
      propertyPath: m_LocalRotation.x
      value: -0
      objectReference: {fileID: 0}
    - target: {fileID: 404394, guid: e9d1b80d7de726c48aa1742de23ffd48, type: 3}
      propertyPath: m_LocalRotation.y
      value: -0.9400106
      objectReference: {fileID: 0}
    - target: {fileID: 404394, guid: e9d1b80d7de726c48aa1742de23ffd48, type: 3}
      propertyPath: m_LocalRotation.z
      value: -0
      objectReference: {fileID: 0}
    - target: {fileID: 404394, guid: e9d1b80d7de726c48aa1742de23ffd48, type: 3}
      propertyPath: m_LocalEulerAnglesHint.x
      value: 0
      objectReference: {fileID: 0}
    - target: {fileID: 404394, guid: e9d1b80d7de726c48aa1742de23ffd48, type: 3}
      propertyPath: m_LocalEulerAnglesHint.y
      value: -140.107
      objectReference: {fileID: 0}
    - target: {fileID: 404394, guid: e9d1b80d7de726c48aa1742de23ffd48, type: 3}
      propertyPath: m_LocalEulerAnglesHint.z
      value: 0
      objectReference: {fileID: 0}
    m_RemovedComponents: []
  m_SourcePrefab: {fileID: 100100000, guid: e9d1b80d7de726c48aa1742de23ffd48, type: 3}
--- !u!4 &2723556953059740644 stripped
Transform:
  m_CorrespondingSourceObject: {fileID: 404394, guid: e9d1b80d7de726c48aa1742de23ffd48, type: 3}
  m_PrefabInstance: {fileID: 2723556953059876942}
  m_PrefabAsset: {fileID: 0}
